
@book{lit:PMDiscoveryConformanceEnhancement,
  title={Process mining: discovery, conformance and enhancement of business processes},
  author={W.M.P. van der Aalst},
  year={2011},
  publisher={Springer Science \& Business Media}
}

@incollection{lit:VisuApprDiffAnalysis,
	year={2013},
	isbn={978-3-642-40175-6},
	booktitle={Business Process Management},
	volume={8094},
	series={Lecture Notes in Computer Science},
	doi={10.1007/978-3-642-40176-3_18},
	title={A Visualization Approach for Difference Analysis of Process Models and Instance Traffic},
	url={http://dx.doi.org/10.1007/978-3-642-40176-3_18},
	publisher={Springer Berlin Heidelberg},
	keywords={Visualization; Control Flow Analysis},
	author={ S. Kriglstein and G. Wallner and S. Rinderle-Ma},
	pages={219-226},
	language={English}
}

@article{lit:ConformanceCheckingOfProcesses,
	title = "Conformance checking of processes based on monitoring real behavior ",
	journal = "Information Systems ",
	volume = "33",
	number = "1",
	pages = "64 - 95",
	year = "2008",
	note = "",
	issn = "0306-4379",
	author = "A. Rozinat and W.M.P. van der Aalst",
}


@article{lit:BusinnessProcessMiningAnIndustrialAppliction,
title = "Business process mining: An industrial application ",
journal = "Information Systems ",
volume = "32",
number = "5",
pages = "713 - 732",
year = "2007",
note = "",
author = "W.M.P. van der Aalst and H.A. Reijers and A.J.M.M. Weijters and B.F. van Dongen and A.K. Alves de Medeiros and M. Song and H.M.W. Verbeek",
}

@ARTICLE{lit:Petrinet, 
author={T. Murata}, 
journal={Proceedings of the IEEE}, 
title={Petri nets: Properties, analysis and applications}, 
year={1989}, 
month={Apr}, 
volume={77}, 
number={4}, 
pages={541-580}, 
ISSN={0018-9219},
}


@incollection{lit:ProMFramework,
year={2005},
isbn={978-3-540-26301-2},
booktitle={Applications and Theory of Petri Nets 2005},
volume={3536},
series={Lecture Notes in Computer Science},
doi={10.1007/11494744_25},
title={The ProM Framework: A New Era in Process Mining Tool Support},
url={http://dx.doi.org/10.1007/11494744_25},
publisher={Springer Berlin Heidelberg},
author={van Dongen, B.F. and de Medeiros, A.K.A. and Verbeek, H.M.W. and Weijters, A.J.M.M. and van der Aalst, W.M.P.},
pages={444-454},
language={English}
}


@article{lit:YAWL,
title = "YAWL: yet another workflow language ",
journal = "Information Systems ",
volume = "30",
number = "4",
pages = "245 - 275",
year = "2005",
note = "",
issn = "0306-4379",
doi = "http://dx.doi.org/10.1016/j.is.2004.02.002",
url = "http://www.sciencedirect.com/science/article/pii/S0306437904000304",
author = "W.M.P. van der Aalst and A.H.M. ter Hofstede",
}

@book{lit:UML,
 author = {J. Rumbaugh and I. Jacobson and G. Booch},
 title = {Unified Modeling Language Reference Manual, The (2Nd Edition)},
 year = {2004},
 publisher = {Pearson Higher Education},
} 

@article{lit:EPC,
title = "Formalization and verification of event-driven process chains ",
journal = "Information and Software Technology ",
volume = "41",
number = "10",
pages = "639 - 650",
year = "1999",
note = "",
issn = "0950-5849",
author = "W.M.P. van der Aalst",
}
